<record><leader>00000cas a22000007a 4500</leader><controlfield tag="001">18056324</controlfield><controlfield tag="008">880608d18841897nduwr ne      0    0eng d</controlfield><datafield ind1=" " ind2=" " tag="010"><subfield code="a">sn 88076074 </subfield></datafield><datafield ind1=" " ind2=" " tag="040"><subfield code="a">NOP</subfield><subfield code="b">eng</subfield><subfield code="c">NOP</subfield><subfield code="d">OCLCQ</subfield></datafield><datafield ind1=" " ind2=" " tag="042"><subfield code="a">msc</subfield></datafield><datafield ind1="0" ind2="0" tag="245"><subfield code="a">Ellendale commercial.</subfield></datafield><datafield ind1=" " ind2=" " tag="260"><subfield code="a">Ellendale, Dickey County, N.D. :</subfield><subfield code="b">R.E. Van Meter</subfield></datafield><datafield ind1=" " ind2=" " tag="300"><subfield code="a">v. :</subfield><subfield code="b">ill. ;</subfield><subfield code="c">57 cm.</subfield></datafield><datafield ind1=" " ind2=" " tag="310"><subfield code="a">Weekly</subfield></datafield><datafield ind1="1" ind2=" " tag="362"><subfield code="a">Began in Dec., 1884; ceased Aug. 26, 1897.</subfield></datafield><datafield ind1=" " ind2=" " tag="500"><subfield code="a">"Official paper of Dickey County, City of Ellendale."</subfield></datafield><datafield ind1=" " ind2=" " tag="500"><subfield code="a">"Republican."</subfield></datafield><datafield ind1=" " ind2=" " tag="530"><subfield code="a">Available on microfilm from the State Historical Society of North Dakota.</subfield></datafield><datafield ind1=" " ind2=" " tag="588"><subfield code="a">Description based on: Vol. 8, no. 47 (Mar. 19, 1891).</subfield></datafield><datafield ind1=" " ind2=" " tag="752"><subfield code="a">United States</subfield><subfield code="b">North Dakota</subfield><subfield code="c">Dickey</subfield><subfield code="d">Ellendale.</subfield></datafield><datafield ind1="0" ind2="0" tag="780"><subfield code="t">Keystone commercial</subfield><subfield code="w">(DLC)sn 88076188</subfield></datafield><datafield ind1="0" ind2="7" tag="785"><subfield code="t">Dickey County leader (Ellendale, N.D. : 1882)</subfield><subfield code="w">(DLC)sn 88076073</subfield></datafield><datafield ind1="0" ind2="7" tag="785"><subfield code="t">Dickey County leader and Ellendale commercial</subfield><subfield code="w">(DLC)sn 88076075</subfield></datafield></record>